 @misc{ poewiki:1390489,
	author = "The Path of Exile Wiki",
	title = "Jeweller's Orb --- Spending",
	year = "2023",
	url = "https://www.poewiki.net/index.php?title=Jeweller%27s_Orb&oldid=1390489#Spending",
	note = "[Online; Stand 20. Dezember 2023]"
}